---
title: "Catrice Lila Wimpern / Catrice Glam &amp; Doll Lash Colorist Semi-Permanent Volume Wimperntusche / Webcatrice bestseller 4,45 € / 10 ml 445,00 € / 1 l catrice glam&amp;doll volume mascara waterproof 10 ml in die filiale lieferbar nach hause lieferbar 4,45 € / 9 ml catrice glam &amp; doll easy wash off power hold volume mascara 010 ultra black 9 ml in die filiale lieferbar nach hause lieferbar 5,95 € / 30 ml 198,33 € / 1 l"
date: "2023/01/15"
description: "Lash couture single lashes in verschiedenen styles!"
tag: "Uncategorized"
---

# Catrice Lila Wimpern / Catrice Glam &amp; Doll Lash Colorist Semi-Permanent Volume Wimperntusche / Webcatrice bestseller 4,45 € / 10 ml 445,00 € / 1 l catrice glam&amp;doll volume mascara waterproof 10 ml in die filiale lieferbar nach hause lieferbar 4,45 € / 9 ml catrice glam &amp; doll easy wash off power hold volume mascara 010 ultra black 9 ml in die filiale lieferbar nach hause lieferbar 5,95 € / 30 ml 198,33 € / 1 l
**Catrice Lila Wimpern / Catrice Glam &amp; Doll Lash Colorist Semi-Permanent Volume Wimperntusche / Webcatrice bestseller 4,45 € / 10 ml 445,00 € / 1 l catrice glam&amp;doll volume mascara waterproof 10 ml in die filiale lieferbar nach hause lieferbar 4,45 € / 9 ml catrice glam &amp; doll easy wash off power hold volume mascara 010 ultra black 9 ml in die filiale lieferbar nach hause lieferbar 5,95 € / 30 ml 198,33 € / 1 l**. Der integrierte, abnehmbare kamm der wimpernzange fächert die wimpern auf und sorgt optisch für noch mehr fülle und volumen. 2022 · dieser hochwertige lash curler von catrice verleiht binnen weniger sekunden außerordentlichen schwung bei gleichzeitiger separation. Webcatrice bestseller 4,45 € / 10 ml 445,00 € / 1 l catrice glam&amp;doll volume mascara waterproof 10 ml in die filiale lieferbar nach hause lieferbar 4,45 € / 9 ml catrice glam &amp; doll easy wash off power hold volume mascara 010 ultra black 9 ml in die filiale lieferbar nach hause lieferbar 5,95 € / 30 ml 198,33 € / 1 l Sie lassen sich leicht fixieren, sind wiederverwendbar und wirken natürlich. Web41 ergebnisse für catrice wimpern lila ergebnisse erfahre mehr über diese ergebnisse.
Das perfekte makeup muss nicht teuer sein! 2022 · dieser hochwertige lash curler von catrice verleiht binnen weniger sekunden außerordentlichen schwung bei gleichzeitiger separation. Web41 ergebnisse für catrice wimpern lila ergebnisse erfahre mehr über diese ergebnisse. Lash couture single lashes in verschiedenen styles! Der integrierte, abnehmbare kamm der wimpernzange fächert die wimpern auf und sorgt optisch für noch mehr fülle und volumen.
[![Catrice Lidschatten Art Couleurs - Nr. 160 Silicon Violet](https://i0.wp.com/media.meindm.at/asset/dmshop/product_seo_big/ffffff/catrice-lidschatten-art-couleurs-nr-160-silicon-violet-nr-160-silicon-violet-violett--10042571_B_P.jpg "Catrice Lidschatten Art Couleurs - Nr. 160 Silicon Violet")](https://i0.wp.com/media.meindm.at/asset/dmshop/product_seo_big/ffffff/catrice-lidschatten-art-couleurs-nr-160-silicon-violet-nr-160-silicon-violet-violett--10042571_B_P.jpg)
<small>Catrice Lidschatten Art Couleurs - Nr. 160 Silicon Violet from i0.wp.com</small>

Web41 ergebnisse für catrice wimpern lila ergebnisse erfahre mehr über diese ergebnisse. 010 i&#039;m your wingman, violett 40 € (6,99 … Webcatrice bestseller 4,45 € / 10 ml 445,00 € / 1 l catrice glam&amp;doll volume mascara waterproof 10 ml in die filiale lieferbar nach hause lieferbar 4,45 € / 9 ml catrice glam &amp; doll easy wash off power hold volume mascara 010 ultra black 9 ml in die filiale lieferbar nach hause lieferbar 5,95 € / 30 ml 198,33 € / 1 l Sie lassen sich leicht fixieren, sind wiederverwendbar und wirken natürlich. Lash couture single lashes in verschiedenen styles! 2022 · dieser hochwertige lash curler von catrice verleiht binnen weniger sekunden außerordentlichen schwung bei gleichzeitiger separation. Webkünstliche wimpern von catrice sind praktisch: Das perfekte makeup muss nicht teuer sein!

### 2022 · dieser hochwertige lash curler von catrice verleiht binnen weniger sekunden außerordentlichen schwung bei gleichzeitiger separation.
Webkünstliche wimpern von catrice sind praktisch: Web41 ergebnisse für catrice wimpern lila ergebnisse erfahre mehr über diese ergebnisse. Sie lassen sich leicht fixieren, sind wiederverwendbar und wirken natürlich. Der integrierte, abnehmbare kamm der wimpernzange fächert die wimpern auf und sorgt optisch für noch mehr fülle und volumen. 2022 · dieser hochwertige lash curler von catrice verleiht binnen weniger sekunden außerordentlichen schwung bei gleichzeitiger separation. 010 i&#039;m your wingman, violett 40 € (6,99 … Webcatrice bestseller 4,45 € / 10 ml 445,00 € / 1 l catrice glam&amp;doll volume mascara waterproof 10 ml in die filiale lieferbar nach hause lieferbar 4,45 € / 9 ml catrice glam &amp; doll easy wash off power hold volume mascara 010 ultra black 9 ml in die filiale lieferbar nach hause lieferbar 5,95 € / 30 ml 198,33 € / 1 l Das perfekte makeup muss nicht teuer sein! Lash couture single lashes in verschiedenen styles!
Der integrierte, abnehmbare kamm der wimpernzange fächert die wimpern auf und sorgt optisch für noch mehr fülle und volumen. 010 i&#039;m your wingman, violett 40 € (6,99 … 2022 · dieser hochwertige lash curler von catrice verleiht binnen weniger sekunden außerordentlichen schwung bei gleichzeitiger separation. Das perfekte makeup muss nicht teuer sein! Lash couture single lashes in verschiedenen styles!
[![Diese Mascara-Fehler solltest du unbedingt vermeiden! | Stylight](https://i1.wp.com/images.stylight.net/image/upload/t_web_product_330x440bg/q_auto:eco,f_auto/wptlbfskm0fwcqlyxfiw.jpg "Diese Mascara-Fehler solltest du unbedingt vermeiden! | Stylight")](https://i1.wp.com/images.stylight.net/image/upload/t_web_product_330x440bg/q_auto:eco,f_auto/wptlbfskm0fwcqlyxfiw.jpg)
<small>Diese Mascara-Fehler solltest du unbedingt vermeiden! | Stylight from i1.wp.com</small>

2022 · dieser hochwertige lash curler von catrice verleiht binnen weniger sekunden außerordentlichen schwung bei gleichzeitiger separation. 010 i&#039;m your wingman, violett 40 € (6,99 … Sie lassen sich leicht fixieren, sind wiederverwendbar und wirken natürlich. Das perfekte makeup muss nicht teuer sein! Lash couture single lashes in verschiedenen styles! Der integrierte, abnehmbare kamm der wimpernzange fächert die wimpern auf und sorgt optisch für noch mehr fülle und volumen. Webkünstliche wimpern von catrice sind praktisch: Webcatrice bestseller 4,45 € / 10 ml 445,00 € / 1 l catrice glam&amp;doll volume mascara waterproof 10 ml in die filiale lieferbar nach hause lieferbar 4,45 € / 9 ml catrice glam &amp; doll easy wash off power hold volume mascara 010 ultra black 9 ml in die filiale lieferbar nach hause lieferbar 5,95 € / 30 ml 198,33 € / 1 l

### Webcatrice bestseller 4,45 € / 10 ml 445,00 € / 1 l catrice glam&amp;doll volume mascara waterproof 10 ml in die filiale lieferbar nach hause lieferbar 4,45 € / 9 ml catrice glam &amp; doll easy wash off power hold volume mascara 010 ultra black 9 ml in die filiale lieferbar nach hause lieferbar 5,95 € / 30 ml 198,33 € / 1 l
Sie lassen sich leicht fixieren, sind wiederverwendbar und wirken natürlich. Webcatrice bestseller 4,45 € / 10 ml 445,00 € / 1 l catrice glam&amp;doll volume mascara waterproof 10 ml in die filiale lieferbar nach hause lieferbar 4,45 € / 9 ml catrice glam &amp; doll easy wash off power hold volume mascara 010 ultra black 9 ml in die filiale lieferbar nach hause lieferbar 5,95 € / 30 ml 198,33 € / 1 l 010 i&#039;m your wingman, violett 40 € (6,99 … Web41 ergebnisse für catrice wimpern lila ergebnisse erfahre mehr über diese ergebnisse. Lash couture single lashes in verschiedenen styles! Der integrierte, abnehmbare kamm der wimpernzange fächert die wimpern auf und sorgt optisch für noch mehr fülle und volumen. 2022 · dieser hochwertige lash curler von catrice verleiht binnen weniger sekunden außerordentlichen schwung bei gleichzeitiger separation. Webkünstliche wimpern von catrice sind praktisch: Das perfekte makeup muss nicht teuer sein!
Das perfekte makeup muss nicht teuer sein! Webcatrice bestseller 4,45 € / 10 ml 445,00 € / 1 l catrice glam&amp;doll volume mascara waterproof 10 ml in die filiale lieferbar nach hause lieferbar 4,45 € / 9 ml catrice glam &amp; doll easy wash off power hold volume mascara 010 ultra black 9 ml in die filiale lieferbar nach hause lieferbar 5,95 € / 30 ml 198,33 € / 1 l Web41 ergebnisse für catrice wimpern lila ergebnisse erfahre mehr über diese ergebnisse. Sie lassen sich leicht fixieren, sind wiederverwendbar und wirken natürlich. 010 i&#039;m your wingman, violett 40 € (6,99 …
[![Catrice Wimperntusche Lila - A Ernest Roberson](https://i1.wp.com/solav.eu/wp-content/uploads/2019/11/Wimperntusche-Mascara-Lash-Sensational-Very-Black-95-ml2.jpg "Catrice Wimperntusche Lila - A Ernest Roberson")](https://i1.wp.com/solav.eu/wp-content/uploads/2019/11/Wimperntusche-Mascara-Lash-Sensational-Very-Black-95-ml2.jpg)
<small>Catrice Wimperntusche Lila - A Ernest Roberson from i1.wp.com</small>

Lash couture single lashes in verschiedenen styles! 2022 · dieser hochwertige lash curler von catrice verleiht binnen weniger sekunden außerordentlichen schwung bei gleichzeitiger separation. Das perfekte makeup muss nicht teuer sein! Web41 ergebnisse für catrice wimpern lila ergebnisse erfahre mehr über diese ergebnisse. Webkünstliche wimpern von catrice sind praktisch: Der integrierte, abnehmbare kamm der wimpernzange fächert die wimpern auf und sorgt optisch für noch mehr fülle und volumen. Sie lassen sich leicht fixieren, sind wiederverwendbar und wirken natürlich. 010 i&#039;m your wingman, violett 40 € (6,99 …

### Webcatrice bestseller 4,45 € / 10 ml 445,00 € / 1 l catrice glam&amp;doll volume mascara waterproof 10 ml in die filiale lieferbar nach hause lieferbar 4,45 € / 9 ml catrice glam &amp; doll easy wash off power hold volume mascara 010 ultra black 9 ml in die filiale lieferbar nach hause lieferbar 5,95 € / 30 ml 198,33 € / 1 l
Webkünstliche wimpern von catrice sind praktisch: Web41 ergebnisse für catrice wimpern lila ergebnisse erfahre mehr über diese ergebnisse. 010 i&#039;m your wingman, violett 40 € (6,99 … 2022 · dieser hochwertige lash curler von catrice verleiht binnen weniger sekunden außerordentlichen schwung bei gleichzeitiger separation. Das perfekte makeup muss nicht teuer sein! Webcatrice bestseller 4,45 € / 10 ml 445,00 € / 1 l catrice glam&amp;doll volume mascara waterproof 10 ml in die filiale lieferbar nach hause lieferbar 4,45 € / 9 ml catrice glam &amp; doll easy wash off power hold volume mascara 010 ultra black 9 ml in die filiale lieferbar nach hause lieferbar 5,95 € / 30 ml 198,33 € / 1 l Der integrierte, abnehmbare kamm der wimpernzange fächert die wimpern auf und sorgt optisch für noch mehr fülle und volumen. Lash couture single lashes in verschiedenen styles! Sie lassen sich leicht fixieren, sind wiederverwendbar und wirken natürlich.


[![Web41 ergebnisse für catrice wimpern lila ergebnisse erfahre mehr über diese ergebnisse. Catrice Glamour Doll Waterproof Â» Mascara | Mascara, Wimperntusche, Wimpern](https://i0.wp.com/tse2.mm.bing.net/th?id=OIP.dmVumsyP2Ve-oh4ddqrSPAHaHa&amp;pid=15.1 "Catrice Glamour Doll Waterproof Â» Mascara | Mascara, Wimperntusche, Wimpern")](https://i0.wp.com/i.pinimg.com/originals/f7/3b/d7/f73bd7f1248afb6eac3d8234fb641d00.jpg)
<small>Source: i0.wp.com</small>

Der integrierte, abnehmbare kamm der wimpernzange fächert die wimpern auf und sorgt optisch für noch mehr fülle und volumen. Das perfekte makeup muss nicht teuer sein! 010 i&#039;m your wingman, violett 40 € (6,99 … Webkünstliche wimpern von catrice sind praktisch: Lash couture single lashes in verschiedenen styles!
[![Webcatrice bestseller 4,45 € / 10 ml 445,00 € / 1 l catrice glam&amp;doll volume mascara waterproof 10 ml in die filiale lieferbar nach hause lieferbar 4,45 € / 9 ml catrice glam &amp; doll easy wash off power hold volume mascara 010 ultra black 9 ml in die filiale lieferbar nach hause lieferbar 5,95 € / 30 ml 198,33 € / 1 l Catrice Lash Couture #Instavolume Lashes 1 Paar](https://i0.wp.com/tse2.mm.bing.net/th?id=OIP.u2_60y7KnUXlYe2QLJTHcAHaHa&amp;pid=15.1 "Catrice Lash Couture #Instavolume Lashes 1 Paar")](https://i1.wp.com/media.meindm.at/asset/dmshop/product_seo_big/ffffff/catrice-lash-couture-instavolume-lashes-1-paar--10038987_B_P.jpg)
<small>Source: i1.wp.com</small>

Der integrierte, abnehmbare kamm der wimpernzange fächert die wimpern auf und sorgt optisch für noch mehr fülle und volumen. Web41 ergebnisse für catrice wimpern lila ergebnisse erfahre mehr über diese ergebnisse. Das perfekte makeup muss nicht teuer sein! Sie lassen sich leicht fixieren, sind wiederverwendbar und wirken natürlich. 010 i&#039;m your wingman, violett 40 € (6,99 …
[![010 i&#039;m your wingman, violett 40 € (6,99 … Catrice Wimpern Lila](https://i0.wp.com/tse1.mm.bing.net/th?id=OIP.ro0nCB1aZ6e4xFVK8bDMwgAAAA&amp;pid=15.1 "Catrice Wimpern Lila")](https://i1.wp.com/i8.amplience.net/i/Cosnova/1683971)
<small>Source: i1.wp.com</small>

010 i&#039;m your wingman, violett 40 € (6,99 … Webcatrice bestseller 4,45 € / 10 ml 445,00 € / 1 l catrice glam&amp;doll volume mascara waterproof 10 ml in die filiale lieferbar nach hause lieferbar 4,45 € / 9 ml catrice glam &amp; doll easy wash off power hold volume mascara 010 ultra black 9 ml in die filiale lieferbar nach hause lieferbar 5,95 € / 30 ml 198,33 € / 1 l 2022 · dieser hochwertige lash curler von catrice verleiht binnen weniger sekunden außerordentlichen schwung bei gleichzeitiger separation. Sie lassen sich leicht fixieren, sind wiederverwendbar und wirken natürlich. Der integrierte, abnehmbare kamm der wimpernzange fächert die wimpern auf und sorgt optisch für noch mehr fülle und volumen.
[![010 i&#039;m your wingman, violett 40 € (6,99 … Catrice Glam &amp; Doll False Lashes Wimperntusche fÃ¼r den Effekt](https://i0.wp.com/tse2.mm.bing.net/th?id=OIP.ql5JLS4J3n9_RXBkjr2NKQAAAA&amp;pid=15.1 "Catrice Glam &amp; Doll False Lashes Wimperntusche fÃ¼r den Effekt")](https://i0.wp.com/cdn.notinoimg.com/detail_thumb_2k/catrice/4251232256116_01-o/catrice-glam-doll-false-lashes-wimperntusche-fur-den-effekt-kunstlicher-wimpern-wasserfest___3.jpg)
<small>Source: i0.wp.com</small>

Web41 ergebnisse für catrice wimpern lila ergebnisse erfahre mehr über diese ergebnisse. 010 i&#039;m your wingman, violett 40 € (6,99 … 2022 · dieser hochwertige lash curler von catrice verleiht binnen weniger sekunden außerordentlichen schwung bei gleichzeitiger separation. Webkünstliche wimpern von catrice sind praktisch: Sie lassen sich leicht fixieren, sind wiederverwendbar und wirken natürlich.
[![2022 · dieser hochwertige lash curler von catrice verleiht binnen weniger sekunden außerordentlichen schwung bei gleichzeitiger separation. Catrice Lashes To Kill 24h No Panda Eyes Smudgeproof Mascara](https://i0.wp.com/tse1.mm.bing.net/th?id=OIP.9SY2pDSm4x3RMvCsKPrnxAAAAA&amp;pid=15.1 "Catrice Lashes To Kill 24h No Panda Eyes Smudgeproof Mascara")](https://i1.wp.com/i.makeupstore.de/s/su/suewioadbu4m.jpg)
<small>Source: i1.wp.com</small>

Webkünstliche wimpern von catrice sind praktisch: Webcatrice bestseller 4,45 € / 10 ml 445,00 € / 1 l catrice glam&amp;doll volume mascara waterproof 10 ml in die filiale lieferbar nach hause lieferbar 4,45 € / 9 ml catrice glam &amp; doll easy wash off power hold volume mascara 010 ultra black 9 ml in die filiale lieferbar nach hause lieferbar 5,95 € / 30 ml 198,33 € / 1 l Das perfekte makeup muss nicht teuer sein! Web41 ergebnisse für catrice wimpern lila ergebnisse erfahre mehr über diese ergebnisse. 2022 · dieser hochwertige lash curler von catrice verleiht binnen weniger sekunden außerordentlichen schwung bei gleichzeitiger separation.
[![Sie lassen sich leicht fixieren, sind wiederverwendbar und wirken natürlich. MissZickZack: Catrice ALL ROUND Mascara Waterproof &gt; TEST](https://i1.wp.com/tse2.mm.bing.net/th?id=OIP.3MVP7Qlh7za9LRW5Z2fwUgHaFp&amp;pid=15.1 "MissZickZack: Catrice ALL ROUND Mascara Waterproof &gt; TEST")](https://i0.wp.com/2.bp.blogspot.com/-WCZsVSvETNM/U5WKmMEbZ4I/AAAAAAAAB9A/lroRKC5U_oE/s1600/IMG_3659ok.jpg)
<small>Source: i0.wp.com</small>

010 i&#039;m your wingman, violett 40 € (6,99 … Webcatrice bestseller 4,45 € / 10 ml 445,00 € / 1 l catrice glam&amp;doll volume mascara waterproof 10 ml in die filiale lieferbar nach hause lieferbar 4,45 € / 9 ml catrice glam &amp; doll easy wash off power hold volume mascara 010 ultra black 9 ml in die filiale lieferbar nach hause lieferbar 5,95 € / 30 ml 198,33 € / 1 l Lash couture single lashes in verschiedenen styles! Der integrierte, abnehmbare kamm der wimpernzange fächert die wimpern auf und sorgt optisch für noch mehr fülle und volumen. 2022 · dieser hochwertige lash curler von catrice verleiht binnen weniger sekunden außerordentlichen schwung bei gleichzeitiger separation.
[![Webcatrice bestseller 4,45 € / 10 ml 445,00 € / 1 l catrice glam&amp;doll volume mascara waterproof 10 ml in die filiale lieferbar nach hause lieferbar 4,45 € / 9 ml catrice glam &amp; doll easy wash off power hold volume mascara 010 ultra black 9 ml in die filiale lieferbar nach hause lieferbar 5,95 € / 30 ml 198,33 € / 1 l Wimpern von Catrice | Kaufen auf Ricardo](https://i0.wp.com/tse2.mm.bing.net/th?id=OIP.JefWF6VoF_DYo9OjnGFAfAHaFj&amp;pid=15.1 "Wimpern von Catrice | Kaufen auf Ricardo")](https://i0.wp.com/img.ricardostatic.ch/t_1800x1350/pl/1139081848/0/1/)
<small>Source: i0.wp.com</small>

Webcatrice bestseller 4,45 € / 10 ml 445,00 € / 1 l catrice glam&amp;doll volume mascara waterproof 10 ml in die filiale lieferbar nach hause lieferbar 4,45 € / 9 ml catrice glam &amp; doll easy wash off power hold volume mascara 010 ultra black 9 ml in die filiale lieferbar nach hause lieferbar 5,95 € / 30 ml 198,33 € / 1 l Das perfekte makeup muss nicht teuer sein! Webkünstliche wimpern von catrice sind praktisch: Lash couture single lashes in verschiedenen styles! Sie lassen sich leicht fixieren, sind wiederverwendbar und wirken natürlich.
[![Web41 ergebnisse für catrice wimpern lila ergebnisse erfahre mehr über diese ergebnisse. New cosmetics products bei kosmetik4less.de](https://i1.wp.com/tse4.mm.bing.net/th?id=OIP.08b7rdWAaYk2vbbG_MkYXwHaHa&amp;pid=15.1 "New cosmetics products bei kosmetik4less.de")](https://i0.wp.com/www.kosmetik4less.de/media/image/26/ac/34/ca931352-catrice-falsche-wimpern-lash-couture-serious-volume-lashes.jpg)
<small>Source: i0.wp.com</small>

Lash couture single lashes in verschiedenen styles! Web41 ergebnisse für catrice wimpern lila ergebnisse erfahre mehr über diese ergebnisse. Das perfekte makeup muss nicht teuer sein! Webkünstliche wimpern von catrice sind praktisch: Der integrierte, abnehmbare kamm der wimpernzange fächert die wimpern auf und sorgt optisch für noch mehr fülle und volumen.
[![Das perfekte makeup muss nicht teuer sein! Wimperntusche fÃ¼r mehr Volumen - Catrice Glam &amp; Doll Lash Colorist Semi](https://i1.wp.com/tse4.mm.bing.net/th?id=OIP.OKRO2KCs9FUQBOcz4dGxngAAAA&amp;pid=15.1 "Wimperntusche fÃ¼r mehr Volumen - Catrice Glam &amp; Doll Lash Colorist Semi")](https://i1.wp.com/i.makeupstore.at/e/ec/echivvjmbzce.jpg)
<small>Source: i1.wp.com</small>

Das perfekte makeup muss nicht teuer sein! Sie lassen sich leicht fixieren, sind wiederverwendbar und wirken natürlich. 010 i&#039;m your wingman, violett 40 € (6,99 … Webkünstliche wimpern von catrice sind praktisch: Web41 ergebnisse für catrice wimpern lila ergebnisse erfahre mehr über diese ergebnisse.

[![Webkünstliche wimpern von catrice sind praktisch: Catrice Glamour Doll Waterproof Â» Mascara | Mascara, Wimperntusche, Wimpern](https://i0.wp.com/tse2.mm.bing.net/th?id=OIP.dmVumsyP2Ve-oh4ddqrSPAHaHa&amp;pid=15.1 "Catrice Glamour Doll Waterproof Â» Mascara | Mascara, Wimperntusche, Wimpern")](https://i0.wp.com/i.pinimg.com/originals/f7/3b/d7/f73bd7f1248afb6eac3d8234fb641d00.jpg)
<small>Source: i0.wp.com</small>

2022 · dieser hochwertige lash curler von catrice verleiht binnen weniger sekunden außerordentlichen schwung bei gleichzeitiger separation.
[![010 i&#039;m your wingman, violett 40 € (6,99 … Um ihre blauen Augen zum Strahlen | SchÃ¶ne Wimpern: Die besten](https://i0.wp.com/tse2.mm.bing.net/th?id=OIP.gJEJMCKsj5-HbBFVbrx7fgHaHa&amp;pid=15.1 "Um ihre blauen Augen zum Strahlen | SchÃ¶ne Wimpern: Die besten")](https://i1.wp.com/www.ok-magazin.de/sites/default/files/styles/article/public/Bilder/Ramona/2020/03/catrice-lashes-to-kill.png)
<small>Source: i1.wp.com</small>

Lash couture single lashes in verschiedenen styles!
[![Der integrierte, abnehmbare kamm der wimpernzange fächert die wimpern auf und sorgt optisch für noch mehr fülle und volumen. Kennt einer gute Mascara die nicht verschmiert und den ganzen Tag hÃ¤lt](https://i0.wp.com/tse1.mm.bing.net/th?id=OIP.gCPNM8sVyJksG_1Yn0uYjwHaHa&amp;pid=15.1 "Kennt einer gute Mascara die nicht verschmiert und den ganzen Tag hÃ¤lt")](https://i1.wp.com/images.gutefrage.net/media/fragen-antworten/bilder/190221780/0_original.jpg?v=1452459499000)
<small>Source: i1.wp.com</small>

Webkünstliche wimpern von catrice sind praktisch:
[![Webkünstliche wimpern von catrice sind praktisch: Wimpern von Catrice | Kaufen auf Ricardo](https://i0.wp.com/tse2.mm.bing.net/th?id=OIP.JefWF6VoF_DYo9OjnGFAfAHaFj&amp;pid=15.1 "Wimpern von Catrice | Kaufen auf Ricardo")](https://i0.wp.com/img.ricardostatic.ch/t_1800x1350/pl/1139081848/0/1/)
<small>Source: i0.wp.com</small>

Lash couture single lashes in verschiedenen styles!
[![Der integrierte, abnehmbare kamm der wimpernzange fächert die wimpern auf und sorgt optisch für noch mehr fülle und volumen. Catrice - Lilactric](https://i0.wp.com/tse3.mm.bing.net/th?id=OIP.352feDRTyeo_khQMpYAItwAAAA&amp;pid=15.1 "Catrice - Lilactric")](https://i1.wp.com/i.pinimg.com/originals/2c/99/a6/2c99a6c04fa81ffa4058cda64ad9289a.jpg)
<small>Source: i1.wp.com</small>

Das perfekte makeup muss nicht teuer sein!
[![010 i&#039;m your wingman, violett 40 € (6,99 … Catrice Glam &amp; Doll False Lashes Wimperntusche fÃ¼r den Effekt](https://i0.wp.com/tse2.mm.bing.net/th?id=OIP.ql5JLS4J3n9_RXBkjr2NKQAAAA&amp;pid=15.1 "Catrice Glam &amp; Doll False Lashes Wimperntusche fÃ¼r den Effekt")](https://i0.wp.com/cdn.notinoimg.com/detail_thumb_2k/catrice/4251232256116_01-o/catrice-glam-doll-false-lashes-wimperntusche-fur-den-effekt-kunstlicher-wimpern-wasserfest___3.jpg)
<small>Source: i0.wp.com</small>

Sie lassen sich leicht fixieren, sind wiederverwendbar und wirken natürlich.
[![Lash couture single lashes in verschiedenen styles! Catrice Lidschatten Art Couleurs - Nr. 160 Silicon Violet](https://i1.wp.com/tse1.mm.bing.net/th?id=OIP.gZK6As_Zh3DvWRpNJCl_-wHaHa&amp;pid=15.1 "Catrice Lidschatten Art Couleurs - Nr. 160 Silicon Violet")](https://i0.wp.com/media.meindm.at/asset/dmshop/product_seo_big/ffffff/catrice-lidschatten-art-couleurs-nr-160-silicon-violet-nr-160-silicon-violet-violett--10042571_B_P.jpg)
<small>Source: i0.wp.com</small>

010 i&#039;m your wingman, violett 40 € (6,99 …
[![Das perfekte makeup muss nicht teuer sein! MissZickZack: Catrice ALL ROUND Mascara Waterproof &gt; TEST](https://i1.wp.com/tse2.mm.bing.net/th?id=OIP.3MVP7Qlh7za9LRW5Z2fwUgHaFp&amp;pid=15.1 "MissZickZack: Catrice ALL ROUND Mascara Waterproof &gt; TEST")](https://i0.wp.com/2.bp.blogspot.com/-WCZsVSvETNM/U5WKmMEbZ4I/AAAAAAAAB9A/lroRKC5U_oE/s1600/IMG_3659ok.jpg)
<small>Source: i0.wp.com</small>

Webcatrice bestseller 4,45 € / 10 ml 445,00 € / 1 l catrice glam&amp;doll volume mascara waterproof 10 ml in die filiale lieferbar nach hause lieferbar 4,45 € / 9 ml catrice glam &amp; doll easy wash off power hold volume mascara 010 ultra black 9 ml in die filiale lieferbar nach hause lieferbar 5,95 € / 30 ml 198,33 € / 1 l
[![Der integrierte, abnehmbare kamm der wimpernzange fächert die wimpern auf und sorgt optisch für noch mehr fülle und volumen. Catrice Lashes To Kill 24h No Panda Eyes Smudgeproof Mascara](https://i0.wp.com/tse1.mm.bing.net/th?id=OIP.9SY2pDSm4x3RMvCsKPrnxAAAAA&amp;pid=15.1 "Catrice Lashes To Kill 24h No Panda Eyes Smudgeproof Mascara")](https://i1.wp.com/i.makeupstore.de/s/su/suewioadbu4m.jpg)
<small>Source: i1.wp.com</small>

Webcatrice bestseller 4,45 € / 10 ml 445,00 € / 1 l catrice glam&amp;doll volume mascara waterproof 10 ml in die filiale lieferbar nach hause lieferbar 4,45 € / 9 ml catrice glam &amp; doll easy wash off power hold volume mascara 010 ultra black 9 ml in die filiale lieferbar nach hause lieferbar 5,95 € / 30 ml 198,33 € / 1 l
[![010 i&#039;m your wingman, violett 40 € (6,99 … Catrice | Fashionfee - Mode, Make-Up und TÃ¼delÃ¼ | Seite 6](https://i1.wp.com/tse3.mm.bing.net/th?id=OIP.l-ayJ6IZkzq5GlZhB1dLSQHaGe&amp;pid=15.1 "Catrice | Fashionfee - Mode, Make-Up und TÃ¼delÃ¼ | Seite 6")](https://i1.wp.com/fashionfee.files.wordpress.com/2010/10/111.jpg)
<small>Source: i1.wp.com</small>

Der integrierte, abnehmbare kamm der wimpernzange fächert die wimpern auf und sorgt optisch für noch mehr fülle und volumen.
[![2022 · dieser hochwertige lash curler von catrice verleiht binnen weniger sekunden außerordentlichen schwung bei gleichzeitiger separation. Catrice Wimpern Lila](https://i1.wp.com/tse3.mm.bing.net/th?id=OIP.UOGzatEpT15S4bldV6OyGQHaDT&amp;pid=15.1 "Catrice Wimpern Lila")](https://i0.wp.com/lyko.com/globalassets/product-images/catrice-lash-couture-3d-false-lashes-c05-2552-359-0005_1.jpg?ref=782720&amp;w=567&amp;h=253&amp;quality=75)
<small>Source: i0.wp.com</small>

Lash couture single lashes in verschiedenen styles!
[![Sie lassen sich leicht fixieren, sind wiederverwendbar und wirken natürlich. Catrice Wimpern Lila](https://i0.wp.com/tse1.mm.bing.net/th?id=OIP.ro0nCB1aZ6e4xFVK8bDMwgAAAA&amp;pid=15.1 "Catrice Wimpern Lila")](https://i1.wp.com/i8.amplience.net/i/Cosnova/1683971)
<small>Source: i1.wp.com</small>

2022 · dieser hochwertige lash curler von catrice verleiht binnen weniger sekunden außerordentlichen schwung bei gleichzeitiger separation.
[![Lash couture single lashes in verschiedenen styles! CATRICE Super Easy Magnetics Eyeliner &amp; Lashes - 010 Magical Volume](https://i0.wp.com/tse1.mm.bing.net/th?id=OIP.ADAbbj4YflNyNNTywlmPWgHaDU&amp;pid=15.1 "CATRICE Super Easy Magnetics Eyeliner &amp; Lashes - 010 Magical Volume")](https://i1.wp.com/licilasicdn.s3.amazonaws.com/public/product_images/34881/gallery/original/591047428.jpg)
<small>Source: i1.wp.com</small>

Webcatrice bestseller 4,45 € / 10 ml 445,00 € / 1 l catrice glam&amp;doll volume mascara waterproof 10 ml in die filiale lieferbar nach hause lieferbar 4,45 € / 9 ml catrice glam &amp; doll easy wash off power hold volume mascara 010 ultra black 9 ml in die filiale lieferbar nach hause lieferbar 5,95 € / 30 ml 198,33 € / 1 l
[![Sie lassen sich leicht fixieren, sind wiederverwendbar und wirken natürlich. Catrice Lashes To Kill Sexy Volume Wimperntusche Mascara online kaufen](https://i0.wp.com/tse2.mm.bing.net/th?id=OIP.o8Iq8w-95NGj3SKrXLFI6AHaHa&amp;pid=15.1 "Catrice Lashes To Kill Sexy Volume Wimperntusche Mascara online kaufen")](https://i1.wp.com/media.douglas.de/575887/900_0/Catrice-Wimperntusche-Lashes_To_Kill_Sexy_Volume.jpg)
<small>Source: i1.wp.com</small>

Das perfekte makeup muss nicht teuer sein!
[![010 i&#039;m your wingman, violett 40 € (6,99 … Wimpern Couture Classical Volume Lashes von Catrice | parfumdreams](https://i1.wp.com/tse3.mm.bing.net/th?id=OIP.QrFBtM-goZWGWC8u3X1xmwHaHa&amp;pid=15.1 "Wimpern Couture Classical Volume Lashes von Catrice | parfumdreams")](https://i1.wp.com/cdn.parfumdreams.de/Img/Art/7/Catrice-Wimpern-Couture-Classical-Volume-Lashes-70176.jpg)
<small>Source: i1.wp.com</small>

010 i&#039;m your wingman, violett 40 € (6,99 …
[![Web41 ergebnisse für catrice wimpern lila ergebnisse erfahre mehr über diese ergebnisse. CATRICE Sortimentswechsel â lang gehegte WÃ¼nsche in Lila - Happyface313](https://i0.wp.com/tse1.mm.bing.net/th?id=OIP.vOydRKCrDTlFWamgnOvlpgHaJQ&amp;pid=15.1 "CATRICE Sortimentswechsel â lang gehegte WÃ¼nsche in Lila - Happyface313")](https://i0.wp.com/happyface313.com/wp-content/uploads/2020/01/HappyFace313-Sortimentswechsel-Catrice-Lila-purple-3.jpg)
<small>Source: i0.wp.com</small>

Web41 ergebnisse für catrice wimpern lila ergebnisse erfahre mehr über diese ergebnisse.
[![Der integrierte, abnehmbare kamm der wimpernzange fächert die wimpern auf und sorgt optisch für noch mehr fülle und volumen. New cosmetics products bei kosmetik4less.de](https://i1.wp.com/tse4.mm.bing.net/th?id=OIP.08b7rdWAaYk2vbbG_MkYXwHaHa&amp;pid=15.1 "New cosmetics products bei kosmetik4less.de")](https://i0.wp.com/www.kosmetik4less.de/media/image/26/ac/34/ca931352-catrice-falsche-wimpern-lash-couture-serious-volume-lashes.jpg)
<small>Source: i0.wp.com</small>

Webcatrice bestseller 4,45 € / 10 ml 445,00 € / 1 l catrice glam&amp;doll volume mascara waterproof 10 ml in die filiale lieferbar nach hause lieferbar 4,45 € / 9 ml catrice glam &amp; doll easy wash off power hold volume mascara 010 ultra black 9 ml in die filiale lieferbar nach hause lieferbar 5,95 € / 30 ml 198,33 € / 1 l
[![Lash couture single lashes in verschiedenen styles! noch ein Make up Blog: Catrice Glamour Doll Curl &amp; Volume Mascara](https://i0.wp.com/tse4.mm.bing.net/th?id=OIP.elrEw7nZ1259cG-2LdcPBAHaCL&amp;pid=15.1 "noch ein Make up Blog: Catrice Glamour Doll Curl &amp; Volume Mascara")](https://i0.wp.com/3.bp.blogspot.com/-1vsycNluuu4/Uy7tA7KCJWI/AAAAAAAAO0I/sZs27c1PnoM/s1600/catrice+glamour+doll+curl+volume+mascara+1.JPG)
<small>Source: i0.wp.com</small>

2022 · dieser hochwertige lash curler von catrice verleiht binnen weniger sekunden außerordentlichen schwung bei gleichzeitiger separation.
[![2022 · dieser hochwertige lash curler von catrice verleiht binnen weniger sekunden außerordentlichen schwung bei gleichzeitiger separation. Wimperntusche fÃ¼r mehr Volumen - Catrice Glam &amp; Doll Lash Colorist Semi](https://i1.wp.com/tse4.mm.bing.net/th?id=OIP.OKRO2KCs9FUQBOcz4dGxngAAAA&amp;pid=15.1 "Wimperntusche fÃ¼r mehr Volumen - Catrice Glam &amp; Doll Lash Colorist Semi")](https://i1.wp.com/i.makeupstore.at/e/ec/echivvjmbzce.jpg)
<small>Source: i1.wp.com</small>

Der integrierte, abnehmbare kamm der wimpernzange fächert die wimpern auf und sorgt optisch für noch mehr fülle und volumen.
[![Der integrierte, abnehmbare kamm der wimpernzange fächert die wimpern auf und sorgt optisch für noch mehr fülle und volumen. Catrice Lash Flash LE - Mascara und falsche Wimpern | Die Testbar](https://i0.wp.com/tse2.mm.bing.net/th?id=OIP.GhVPU4Zird7WaTKb-j2oSAHaFF&amp;pid=15.1 "Catrice Lash Flash LE - Mascara und falsche Wimpern | Die Testbar")](https://i0.wp.com/www.die-testbar.de/wp-content/uploads/20140118-beti1367okay.jpg)
<small>Source: i0.wp.com</small>

Webcatrice bestseller 4,45 € / 10 ml 445,00 € / 1 l catrice glam&amp;doll volume mascara waterproof 10 ml in die filiale lieferbar nach hause lieferbar 4,45 € / 9 ml catrice glam &amp; doll easy wash off power hold volume mascara 010 ultra black 9 ml in die filiale lieferbar nach hause lieferbar 5,95 € / 30 ml 198,33 € / 1 l
[![Das perfekte makeup muss nicht teuer sein! CATRICE falsche Wimpern â Lash Couture #InstaVolume Lashes - PINK PANDA](https://i0.wp.com/tse3.mm.bing.net/th?id=OIP.6MrXwGKhKFsWE5clmJWerwHaFj&amp;pid=15.1 "CATRICE falsche Wimpern â Lash Couture #InstaVolume Lashes - PINK PANDA")](https://i1.wp.com/licilasicdn.s3.amazonaws.com/public/product_images/23904/main/original.jpg)
<small>Source: i1.wp.com</small>

Web41 ergebnisse für catrice wimpern lila ergebnisse erfahre mehr über diese ergebnisse.
[![010 i&#039;m your wingman, violett 40 € (6,99 … Catrice Art Couleurs Lidschatten - Nr. 220 Purple To Wear](https://i1.wp.com/tse4.mm.bing.net/th?id=OIP.AmuYx45kE__lmN0_zp05MAHaHa&amp;pid=15.1 "Catrice Art Couleurs Lidschatten - Nr. 220 Purple To Wear")](https://i0.wp.com/media.meindm.at/asset/dmshop/product_seo_big/ffffff/catrice-art-couleurs-lidschatten-nr-220-purple-to-wear-nr-220-purple-to-wear-violett--10038944_B_P.jpg)
<small>Source: i0.wp.com</small>

010 i&#039;m your wingman, violett 40 € (6,99 …
[![Webkünstliche wimpern von catrice sind praktisch: Catrice Sortiment Update Herbst - Winter 2020: Favoriten &amp; Flops](https://i1.wp.com/tse1.mm.bing.net/th?id=OIP.ej-l1yfoXN6WMUotrA81NwHaE8&amp;pid=15.1 "Catrice Sortiment Update Herbst - Winter 2020: Favoriten &amp; Flops")](https://i0.wp.com/carinateresa.com/wp-content/uploads/2020/09/Catrice-Sortiment-Update-Herbst-Winter-202024.jpg)
<small>Source: i0.wp.com</small>

Das perfekte makeup muss nicht teuer sein!
[![Lash couture single lashes in verschiedenen styles! Catrice Allround, Mascara fÃ¼r lÃ¤ngere, geschwungenere und vollere](https://i1.wp.com/tse3.mm.bing.net/th?id=OIP.UBKqsWnB0EF1RkEinU4cmAHaHa&amp;pid=15.1 "Catrice Allround, Mascara fÃ¼r lÃ¤ngere, geschwungenere und vollere")](https://i0.wp.com/i.notino.com/view/catrice/ctealrw_kmsc15_01__16.jpg)
<small>Source: i0.wp.com</small>

010 i&#039;m your wingman, violett 40 € (6,99 …
[![Sie lassen sich leicht fixieren, sind wiederverwendbar und wirken natürlich. Diese Mascara-Fehler solltest du unbedingt vermeiden! | Stylight](https://i1.wp.com/tse2.mm.bing.net/th?id=OIP.8Z-gewsz9v93owYFcYZEqgAAAA&amp;pid=15.1 "Diese Mascara-Fehler solltest du unbedingt vermeiden! | Stylight")](https://i1.wp.com/images.stylight.net/image/upload/t_web_product_330x440bg/q_auto:eco,f_auto/wptlbfskm0fwcqlyxfiw.jpg)
<small>Source: i1.wp.com</small>

Web41 ergebnisse für catrice wimpern lila ergebnisse erfahre mehr über diese ergebnisse.
